@article{luko:55,
	title = {Motion of electrons and holes in perturbed periodic fields},
	author = {{Luttinger}, {J. M.} and {Kohn}, {W.}},
	year = {1955},
	month = {02},
	date = {1955-02},
	journal = {Physical Review},
	pages = {869--883},
	volume = {97},
	number = {4},
	note = {Citation Key: luko:55}
}

@inbook{kane:66,
	title = {The {\textbf{k·p}} method} ,
	booktitle = {Physics of {III-V} Compounds},
	series = {Semiconductors and Semimetals},
	author = {{Kane}, {E. O.}},
	editor = {{Willardson}, {R. K.} and {Beer}, {A. C.}},
	year = {1966},
	date = {1966},
	publisher = {Academic Press},
	pages = {75},
	volume = {1},
	note = {Citation Key: kane:66},
	address = {New York}
}

@inbook{zuma:94,
	title = {Atomic ordering and phase separation in epitaxial {III--V} alloys},
	author = {Zunger, A. and Mahajan, S.},
	editor = {Mahajan, S.},
	year = {1994},
	date = {1994},
	publisher = {North-Holland},
	pages = {1399},
	volume = {3b},
	edition = {2},
	note = {Citation Key: zuma:94
Section: 19},
	address = {Amsterdam}
}

@article{lowd:51,
	title = {A note on the quantum-mechanical perturbation theory},
	author = {{Löwdin}, Per-Olov},
	year = {1951},
	month = {11},
	date = {1951-11},
	journal = {The Journal of Chemical Physics},
	pages = {1396--1401},
	volume = {19},
	number = {11},
	note = {Citation Key: lowd:51}
}

@article{fwz:95,
	title = {Effects of ordering on the electron effective mass and strain deformation potential in GaInP₂: Deficiencies of the {\textbf{k·p}} model},
	author = {Franceschetti, Alberto and Wei, Su-Hai and Zunger, Alex},
	year = {1995},
	month = {11},
	date = {1995-11},
	journal = {Physical Review B},
	pages = {13992--13997},
	volume = {52},
	number = {19},
	note = {Citation Key: fwz:95}
}

@article{wozu:96,
	title = {Successes and failures of the {\textbf{k·p}} method: A direct assessment for GaAs/AlAs quantum structures},
	author = {Wood, D. M. and Zunger, Alex},
	year = {1996},
	month = {03},
	date = {1996-03},
	journal = {Physical Review B},
	pages = {7949--7963},
	volume = {53},
	number = {12},
	note = {Citation Key: wozu:96}
}

@book{bipi:74,
	title = {Symmetry and strain-induced effects in semiconductors},
	author = {Bir, G. L. and Pikus, G. E.},
	year = {1974},
	date = {1974},
	publisher = {Wiley},
	note = {Citation Key: bipi:74},
	address = {New York}
}

@article{card:63,
	title = {Band parameters of semiconductors with zincblende, wurtzite, and germanium structure},
	author = {Cardona, Manuel},
	year = {1963},
	date = {1963},
	journal = {Journal of Physics and Chemistry of Solids},
	pages = {1543--1555},
	volume = {24},
	note = {Citation Key: card:63}
}

@article{fore:98-2,
	title = {Analytical envelope-function theory of interface band mixing},
	author = {Foreman, Bradley A.},
	year = {1998},
	month = {07},
	date = {1998-07},
	journal = {Physical Review Letters},
	pages = {425--428},
	volume = {81},
	number = {2},
	note = {Citation Key: fore:98-2}
}

@article{wazu:96,
	title = {Pseudopotential-based multiband {\textbf{k·p}} method for $\sim$ 250 000-atom nanostructure systems},
	author = {Wang, Lin-Wang and Zunger, Alex},
	year = {1996},
	month = {06},
	date = {1996-06},
	journal = {Physical Review B},
	pages = {11417--11435},
	volume = {54},
	number = {16},
	note = {Citation Key: wazu:96}
}

@article{slko:54,
	title = {Simplified LCAO Method for the Periodic Potential Problem},
	author = {Slater, J. C. and Koster, G. F.},
	year = {1954},
	month = {06},
	date = {1954-06},
	journal = {Physical Review},
	pages = {1498--1524},
	volume = {94},
	number = {6},
	note = {Citation Key: slko:54}
}

@book{harr:80,
	title = {Electronic structure and properties of solids},
	author = {Harrison, W. A.},
	year = {1980},
	date = {1980},
	publisher = {Freeman},
	note = {Citation Key: harr:80},
	address = {San Francisco}
}
